@book{Morettin2013,
address = {S{\~{a}}o Paulo},
author = {Morettin, Pedro A. and Bussab, Wilton de O.},
edition = {8},
file = {:Users/macbook/OneDrive/e{\_}books/livros{\_}raquel{\_}econmet{\_}estat/Estat{\_}Economet/P. A. Morettin, W. de O. Bussab Estat{\'{i}}stica B{\'{a}}sica.pdf:pdf},
isbn = {9788502207998},
keywords = {estat{\'{i}}stica},
mendeley-tags = {estat{\'{i}}stica},
pages = {548},
publisher = {Saraiva},
title = {{Estat{\'{i}}stica B{\'{a}}sica}},
year = {2013}
}
@book{Estatistica2010,
address = {Curitiba},
author = {{Departamento de Estat{\'{i}}stica}},
file = {:Users/macbook/OneDrive/UFPR/dpt{\_}economia/GRADUACAO/se305e{\_}Estat{\_}Econ/livros{\_}livre{\_}acesso/livroce003.pdf:pdf},
keywords = {estat{\'{i}}stica},
mendeley-tags = {estat{\'{i}}stica},
pages = {153},
publisher = {Universidade Federal do Paran{\'{a}}},
title = {{CE003 - Estat{\'{i}}stica II (Notas de Aula)}},
year = {2010}
}
@book{Casella2011,
address = {S{\~{a}}o Paulo},
author = {Casella, George and Berger, Roger L.},
edition = {1},
isbn = {9788522108947},
keywords = {distribui{\c{c}}{\~{a}}o,estat{\'{i}}stica,infer{\^{e}}ncia,probabilidade,vari{\'{a}}vel aleat{\'{o}}ria},
mendeley-tags = {distribui{\c{c}}{\~{a}}o,estat{\'{i}}stica,infer{\^{e}}ncia,probabilidade,vari{\'{a}}vel aleat{\'{o}}ria},
pages = {612},
publisher = {Cengage Learning},
title = {{Infer{\^{e}}ncia Estat{\'{i}}stica}},
year = {2011}
}
@book{Dalpiaz2016,
address = {Urbana},
author = {Dalpiaz, David},
file = {:Users/macbook/OneDrive/UFPR/dpt{\_}economia/GRADUACAO/se305e{\_}Estat{\_}Econ/livros{\_}livre{\_}acesso/applied{\_}statistics.pdf:pdf},
keywords = {R language,statistics},
mendeley-tags = {R language,statistics},
pages = {417},
title = {{Applied Statistics with R}},
url = {http://daviddalpiaz.github.io/appliedstats/},
year = {2016}
}
@book{Diez2019,
author = {Diez, David and {\c{C}}etinkaya-Rundel, Mine and Barr, Christopher D.},
edition = {12},
file = {:Users/macbook/OneDrive/UFPR/dpt{\_}economia/GRADUACAO/se305e{\_}Estat{\_}Econ/livros{\_}livre{\_}acesso/openintro{\_}statistics/openintro-statistics.pdf:pdf},
keywords = {statistics},
mendeley-tags = {statistics},
pages = {422},
publisher = {OpenIntro},
title = {{OpenIntro Statistics}},
year = {2019}
}
@book{Fonseca2015,
address = {Cuiab{\'{a}}},
author = {da Fonseca, Sammys Cesar Chaves},
edition = {1},
file = {:Users/macbook/OneDrive/UFPR/dpt{\_}economia/GRADUACAO/se305e{\_}Estat{\_}Econ/livros{\_}livre{\_}acesso/Fundamentos de Estat{\'{i}}stica - MULTIMEIOS - CEPA.pdf:pdf},
keywords = {estat{\'{i}}stica},
mendeley-tags = {estat{\'{i}}stica},
pages = {92},
publisher = {e-Tec Brasil / MEC},
title = {{Fundamentos de Estat{\'{i}}stica}},
year = {2015}
}
@book{Hoffmann2016,
address = {S{\~{a}}o Paulo},
author = {Hoffmann, Rodolfo},
file = {:Users/macbook/OneDrive/e{\_}books/livros{\_}digitais/hoffmann{\_}intro{\_}econometria/Hoffmann{\_}R{\_}Analise{\_}de{\_}regress{\~{a}}o.pdf:pdf},
keywords = {econometria},
mendeley-tags = {econometria},
pages = {393},
publisher = {Livro Aberto da USP},
title = {{An{\'{a}}lise de Regress{\~{a}}o - Uma introdu{\c{c}}{\~{a}}o {\`{a}} Econometria}},
year = {2016}
}
@book{Kennedy2009,
address = {Rio de Janeiro},
author = {Kennedy, Peter},
edition = {6},
keywords = {econometria},
mendeley-tags = {econometria},
publisher = {Campus},
title = {{Manual de Econometria}},
year = {2009}
}
@book{Wooldridge2017,
address = {S{\~{a}}o Paulo},
author = {Wooldridge, Jeffrey M},
edition = {6},
isbn = {9788522125647},
keywords = {econometria},
mendeley-tags = {econometria},
pages = {848},
publisher = {Cengage Learning},
title = {{Introdu{\c{c}}{\~{a}}o {\`{a}} Econometria : Um abordagem moderna}},
year = {2017}
}
@book{Bueno2012,
address = {S{\~{a}}o Paulo},
author = {Bueno, Rodrigo de Losso da Silveira},
edition = {2},
isbn = {9788522111572},
keywords = {econometria,s{\'{e}}ries temporais},
mendeley-tags = {econometria,s{\'{e}}ries temporais},
pages = {360},
publisher = {Cengage Learning},
title = {{Econometria de s{\'{e}}ries temporais}},
year = {2012}
}
@book{Hoffmann2006,
abstract = {Este livro fornece, a todos que pretendem utilizar a estat{\'{i}}stica como ferramenta de trabalho, condi{\c{c}}{\~{o}}es para adquirir conhecimentos fundamentais tanto no aspecto conceitual como metodol{\'{o}}gico da estat{\'{i}}stica. Trata-se de uma obra did{\'{a}}tica, com grande n{\'{u}}mero de exerc{\'{i}}cios, acompanhados de respostas e baseados em dados num{\'{e}}ricos simples, de maneira que o leitor poder{\'{a}} testar os conhecimentos rec{\'{e}}m-adquiridos sem despender muito tempo em c{\'{a}}lculo. Al{\'{e}}m de cobrir a estat{\'{i}}stica b{\'{a}}sica, o livro inclui cap{\'{i}}tulos de especial interesse para profissionais ligados {\`{a}} {\'{a}}rea.},
address = {S{\~{a}}o Paulo},
author = {Hoffmann, Rodolfo},
edition = {4},
isbn = {978-8522104949},
keywords = {SE305,UFPR,econometria,economia,estat{\'{i}}stica,medidas de desigualdade,n{\'{u}}meros-{\'{i}}ndice},
mendeley-tags = {SE305,UFPR,economia,estat{\'{i}}stica},
pages = {446},
publisher = {Cengage Learning},
title = {{Estat{\'{i}}stica para Economistas}},
year = {2006}
}
@book{Sartoris2013,
abstract = {Estat{\'{i}}stica e Introdu{\c{c}}{\~{a}}o {\`{a}} Econometria trata, de forma did{\'{a}}tica e introdut{\'{o}}ria, dos principais fundamentos da matem{\'{a}}tica e da estat{\'{i}}stica, evitando demonstra{\c{c}}{\~{o}}es desnecess{\'{a}}rias, focando nos conceitos centrais da mat{\'{e}}ria e em suas aplica{\c{c}}{\~{o}}es. A explana{\c{c}}{\~{a}}o evolui de forma gradativa, abordando temas como: probabilidade; medidas de posi{\c{c}}{\~{a}}o e dispers{\~{a}}o; distribui{\c{c}}{\~{a}}o de probabilidade; distribui{\c{c}}{\~{o}}es cont{\'{i}}nuas e Teorema de Tchebichev; distribui{\c{c}}{\~{a}}o de probabilidade conjunta; estima{\c{c}}{\~{a}}o; intervalo de confian{\c{c}}a e testes de hip{\'{o}}teses; regress{\~{a}}o linear; viola{\c{c}}{\~{a}}o das hip{\'{o}}teses b{\'{a}}sicas; s{\'{e}}ries de tempo; e n{\'{u}}meros-{\'{i}}ndices. Com o objetivo de atender cursos de gradua{\c{c}}{\~{a}}o que utilizam a Estat{\'{i}}stica e a Econometria como ferramentas, como os cursos de Economia, Administra{\c{c}}{\~{a}}o, Engenharia, e v{\'{a}}rios cursos de p{\'{o}}s-gradua{\c{c}}{\~{a}}o, a obra fornece uma grande quantidade de exemplos ligados ao cotidiano e {\`{a}} realidade empresarial, al{\'{e}}m de exerc{\'{i}}cios extras que facilitam o aprendizado da mat{\'{e}}ria.},
address = {S{\~{a}}o Paulo},
author = {Sartoris, Alexandre},
edition = {2},
isbn = {978-8502197480},
keywords = {SE305,UFPR,economia,estat{\'{i}}stica,estat{\'{i}}stica econ{\^{o}}mica},
mendeley-tags = {SE305,UFPR,economia,estat{\'{i}}stica},
pages = {400},
publisher = {Saraiva},
title = {{Estat{\'{i}}stica e Introdu{\c{c}}{\~{a}}o {\`{a}} Econometria}},
year = {2013}
}
@book{Gujarati2011,
abstract = {Conceituada na {\'{a}}rea, esta obra ensina econometria de maneira intuitiva e informativa, com abordagem did{\'{a}}tica de {\'{a}}lgebra matricial, c{\'{a}}lculo e estat{\'{i}}stica. Esta quinta edi{\c{c}}{\~{a}}o mant{\'{e}}m a tradi{\c{c}}{\~{a}}o de combinar os fundamentos da econometria com as pesquisas mais recentes, priorizando o uso de casos reais e incluindo novos exemplos ilustrativos e exerc{\'{i}}cios.},
address = {Porto Alegre},
author = {Gujarati, Damodar N. and Porter, Daw C.},
edition = {5},
file = {:Users/macbook/OneDrive/e{\_}books/livros{\_}raquel{\_}econmet{\_}estat/Estat{\_}Economet/Econometria B{\'{a}}sica 5 Edi{\c{c}}{\~{a}}o em Portugu{\^{E}}s - Damodar N. Gujarati e Dawn C. Porter.pdf:pdf},
isbn = {9788563308320},
keywords = {SE305,UFPR,econometria,economia},
mendeley-tags = {SE305,UFPR,econometria,economia},
pages = {920},
publisher = {AMGH},
title = {{Econometria B{\'{a}}sica}},
year = {2011}
}
