@book{Hoffmann2006,
abstract = {Este livro fornece, a todos que pretendem utilizar a estat{\'{i}}stica como ferramenta de trabalho, condi{\c{c}}{\~{o}}es para adquirir conhecimentos fundamentais tanto no aspecto conceitual como metodol{\'{o}}gico da estat{\'{i}}stica. Trata-se de uma obra did{\'{a}}tica, com grande n{\'{u}}mero de exerc{\'{i}}cios, acompanhados de respostas e baseados em dados num{\'{e}}ricos simples, de maneira que o leitor poder{\'{a}} testar os conhecimentos rec{\'{e}}m-adquiridos sem despender muito tempo em c{\'{a}}lculo. Al{\'{e}}m de cobrir a estat{\'{i}}stica b{\'{a}}sica, o livro inclui cap{\'{i}}tulos de especial interesse para profissionais ligados {\`{a}} {\'{a}}rea.},
address = {S{\~{a}}o Paulo},
author = {Hoffmann, Rodolfo},
edition = {4},
isbn = {978-8522104949},
keywords = {SE305,UFPR,econometria,economia,estat{\'{i}}stica,medidas de desigualdade,n{\'{u}}meros-{\'{i}}ndice},
mendeley-tags = {estat{\'{i}}stica,economia,SE305,UFPR},
pages = {446},
publisher = {Cengage Learning},
title = {{Estat{\'{i}}stica para Economistas}},
year = {2006}
}
@book{Sartoris2013,
abstract = {Estat{\'{i}}stica e Introdu{\c{c}}{\~{a}}o {\`{a}} Econometria trata, de forma did{\'{a}}tica e introdut{\'{o}}ria, dos principais fundamentos da matem{\'{a}}tica e da estat{\'{i}}stica, evitando demonstra{\c{c}}{\~{o}}es desnecess{\'{a}}rias, focando nos conceitos centrais da mat{\'{e}}ria e em suas aplica{\c{c}}{\~{o}}es. A explana{\c{c}}{\~{a}}o evolui de forma gradativa, abordando temas como: probabilidade; medidas de posi{\c{c}}{\~{a}}o e dispers{\~{a}}o; distribui{\c{c}}{\~{a}}o de probabilidade; distribui{\c{c}}{\~{o}}es cont{\'{i}}nuas e Teorema de Tchebichev; distribui{\c{c}}{\~{a}}o de probabilidade conjunta; estima{\c{c}}{\~{a}}o; intervalo de confian{\c{c}}a e testes de hip{\'{o}}teses; regress{\~{a}}o linear; viola{\c{c}}{\~{a}}o das hip{\'{o}}teses b{\'{a}}sicas; s{\'{e}}ries de tempo; e n{\'{u}}meros-{\'{i}}ndices. Com o objetivo de atender cursos de gradua{\c{c}}{\~{a}}o que utilizam a Estat{\'{i}}stica e a Econometria como ferramentas, como os cursos de Economia, Administra{\c{c}}{\~{a}}o, Engenharia, e v{\'{a}}rios cursos de p{\'{o}}s-gradua{\c{c}}{\~{a}}o, a obra fornece uma grande quantidade de exemplos ligados ao cotidiano e {\`{a}} realidade empresarial, al{\'{e}}m de exerc{\'{i}}cios extras que facilitam o aprendizado da mat{\'{e}}ria.},
address = {S{\~{a}}o Paulo},
author = {Sartoris, Alexandre},
edition = {2},
isbn = {978-8502197480},
keywords = {SE305,UFPR,economia,estat{\'{i}}stica,estat{\'{i}}stica econ{\^{o}}mica},
mendeley-tags = {estat{\'{i}}stica,economia,SE305,UFPR},
pages = {400},
publisher = {Saraiva},
title = {{Estat{\'{i}}stica e Introdu{\c{c}}{\~{a}}o {\`{a}} Econometria}},
year = {2013}
}
@book{Gujarati2011,
abstract = {Conceituada na {\'{a}}rea, esta obra ensina econometria de maneira intuitiva e informativa, com abordagem did{\'{a}}tica de {\'{a}}lgebra matricial, c{\'{a}}lculo e estat{\'{i}}stica. Esta quinta edi{\c{c}}{\~{a}}o mant{\'{e}}m a tradi{\c{c}}{\~{a}}o de combinar os fundamentos da econometria com as pesquisas mais recentes, priorizando o uso de casos reais e incluindo novos exemplos ilustrativos e exerc{\'{i}}cios.},
address = {Porto Alegre},
author = {Gujarati, Damodar N. and Porter, Daw C.},
edition = {5},
isbn = {978-8563308320},
keywords = {SE305,UFPR,econometria,economia},
mendeley-tags = {econometria,economia,SE305,UFPR},
pages = {920},
publisher = {AMGH},
title = {{Econometria B{\'{a}}sica}},
year = {2011}
}
